@article{pan2023egovit,
    author = {Pan, Chenbin et al.},
    title = {EgoViT: Pyramid Video Transformer for Egocentric Action Recognition},
    journal = {arXiv:2303.08920 [cs]},
    year = {2023},
    url = {http://arxiv.org/abs/2303.08920}
}

@article{li2020eye,
    author = {Li, Yin and Liu, Miao and Rehg, James M.},
    title = {In the Eye of the Beholder: Gaze and Actions in First Person Video},
    journal = {arXiv:2006.00626 [cs]},
    year = {2020},
    month = {Oct},
    url = {http://arxiv.org/abs/2006.00626}
}

@article{dosovitskiy2021image,
  title={An Image is Worth 16x16 Words: Transformers for Image Recognition at Scale},
  author={Dosovitskiy, Alexey and others},
  journal={arXiv preprint arXiv:2010.11929},
  year={2021},
  url={http://arxiv.org/abs/2010.11929}
}

@article{russakovsky2015imagenet,
  title={ImageNet Large Scale Visual Recognition Challenge},
  author={Russakovsky, Olga and others},
  journal={arXiv preprint arXiv:1409.0575},
  year={2015},
  url={http://arxiv.org/abs/1409.0575}
}

@article{liu2021video,
  title={Video Swin Transformer},
  author={Liu, Ze and others},
  journal={arXiv preprint arXiv:2106.13230},
  year={2021},
  url={http://arxiv.org/abs/2106.13230}
}

@article{neimark2021video,
  title={Video Transformer Network},
  author={Neimark, Daniel and others},
  journal={arXiv preprint arXiv:2102.00719},
  year={2021},
  url={http://arxiv.org/abs/2102.00719}
}

@article{hayhoe2005eye,
    title={Eye movements in natural behavior},
    author={Hayhoe, Mary and Ballard, Dana},
    journal={Trends in Cognitive Sciences},
    volume={9},
    number={4},
    pages={188--194},
    year={2005},
    issn={13646613},
    doi={10.1016/j.tics.2005.02.009},
    url={https://linkinghub.elsevier.com/retrieve/pii/S1364661305000598}
}

@article{land1999roles,
    title={The Roles of Vision and Eye Movements in the Control of Activities of Daily Living},
    author={Land, Michael and Mennie, Neil and Rusted, Jennifer},
    journal={Perception},
    volume={28},
    number={11},
    pages={1311--1328},
    year={1999},
    issn={0301-0066, 1468-4233},
    doi={10.1068/p2935},
    url={http://journals.sagepub.com/doi/10.1068/p2935}
}

@article{sieja2021computer,
  author={Sieja, Zuzanna},
  title={How to use computer vision in sports},
  year={2022},
  url={https://dlabs.ai/blog/how-to-use-computer-vision-in-sports/}
}

@article{george2021recognition,
  title={Recognition of Activities from Eye Gaze and Egocentric Video},
  author={George, Anjith and Routray, Aurobinda},
  journal={IEEE Transactions on Circuits and Systems for Video Technology},
  year={2021},
}

@article{huang2018predicting,
  title={Predicting Gaze in Egocentric Video by Learning Task-dependent Attention Transition},
  author={Huang, Yifei and others},
  journal={arXiv preprint arXiv:1803.09125},
  year={2018},
  url={http://arxiv.org/abs/1803.09125}
}

@article{lai2022eye,
  title={In the Eye of Transformer: Global-Local Correlation for Egocentric Gaze Estimation},
  author={Lai, Bolin and others},
  journal={arXiv preprint arXiv:2208.04464},
  year={2022},
  url={http://arxiv.org/abs/2208.04464}
}